@article{Kramer,
 author = {M. A. Kramer and U. T. Eden and S. S. Cash and E. D. Kolaczyk},
 title = {Network inference with confidence from multivariate time series},
 journal = {Phys Rev E},
  year = {2009},
 issn = {061916},
 pages = {1414--1426}
 } 
 
 @ARTICLE{AlbertMechanics,
    author = {R\'eka Albert and Albert L\'aszl\'o Barab\'asi},
    title = {Statisticcal mechanics of complex networks},
    journal = {Rev. Mod. Phys},
    year = {},
    pages = {2002}
}

@article{Hurlbert,
 author = {Hurlbert AH and Liang Z (},
 title = {Spatiotemporal Variation in Avian Migration Phenology: Citizen Science Reveals Effects of Climate Change},
 journal = {PLoS ONE},
 volume= {7},
 year = {2009},
 issn = {061916},
 pages = {1414--1426},
 doi = {10.1371}
 } 

 @inproceedings{DBLP:conf/iaai/KellingGFLWYDG12,
  author    = {Steve Kelling and
               Jeff Gerbracht and
               Daniel Fink and
               Carl Lagoze and
               Weng-Keen Wong and
               Jun Yu and
               Theodoros Damoulas and
               Carla P. Gomes},
  title     = {eBird: A Human/Computer Learning Network for Biodiversity
               Conservation and Research},
  booktitle = {IAAI},
  year      = {2012},
  ee        = {http://www.aaai.org/ocs/index.php/IAAI/IAAI-12/paper/view/4880},
  crossref  = {DBLP:conf/iaai/2012},
  bibsource = {DBLP, http://dblp.uni-trier.de}
}

 @article{stem,
  author = "Daniel Fink and Wesley M. Hochachka and Benjamin Zuckerberg and David W. Winkler and Ben Shaby and M. Arthur Munson and Giles Hooker and Mirek Riedewald and Daniel Sheldon and Steve Kelling",
  title = "Spatiotemporal Exploratory Models for Broad-scale Survey Data",
  journal = "Ecological Applications",
  year = "In press",
  volume = "XX",
  number = "YY",
  note = "Preprint available for research or educational use.  Request by email."
}