@article{Kramer,
 author = {M. A. Kramer and U. T. Eden and S. S. Cash and E. D. Kolaczyk},
 title = {Network inference with confidence from multivariate time series},
 journal = {Phys Rev E},
  year = {2009},
 issn = {061916},
 pages = {1414--1426}
 } 
 
 @ARTICLE{AlbertMechanics,
    author = {R\'eka Albert and Albert L\'aszl\'o Barab\'asi},
    title = {Statistical mechanics of complex networks},
    journal = {Rev. Mod. Phys},
    year = {},
    pages = {2002}
}

@article{Hurlbert,
 author = {Hurlbert AH and Liang Z (},
 title = {Spatiotemporal Variation in Avian Migration Phenology: Citizen Science Reveals Effects of Climate Change},
 journal = {PLoS ONE},
 volume= {7},
 year = {2009},
 issn = {061916},
 pages = {1414--1426},
 doi = {10.1371}
 } 

 @article{riparian,
  author = {Miller, James R. and Wiens, John. A and Hobbs, Thompson N and Theobald, David M.},
  title = {Effects of Human Settlement on Bird Communities in Lowland Riparian Areas of Colorado},
  journal = {Ecological Applications},
  year = {2003},

 }

 @inproceedings{conf/nips/SheldonEK07,
  added-at = {2009-01-20T00:00:00.000+0100},
  author = {Sheldon, Daniel and Elmohamed, M. A. Saleh and Kozen, Dexter},
  biburl = {http://www.bibsonomy.org/bibtex/2938e7ab94e1305f9f4c7fdbea86e8296/dblp},
  booktitle = {NIPS},
  crossref = {conf/nips/2007},
  editor = {Platt, John C. and Koller, Daphne and Singer, Yoram and Roweis, Sam T.},
  ee = {http://books.nips.cc/papers/files/nips20/NIPS2007_0525.pdf},
  interhash = {3b255b103b6d52830cc7f959badf668d},
  intrahash = {938e7ab94e1305f9f4c7fdbea86e8296},
  keywords = {dblp},
  publisher = {Curran Associates, Inc.},
  timestamp = {2009-01-20T00:00:00.000+0100},
  title = {Collective Inference on Markov Models for Modeling Bird Migration.},
  url = {http://dblp.uni-trier.de/db/conf/nips/nips2007.html#SheldonEK07},
  year = 2007
}


 @inproceedings{DBLP:conf/iaai/KellingGFLWYDG12,
  author    = {Steve Kelling and
               Jeff Gerbracht and
               Daniel Fink and
               Carl Lagoze and
               Weng-Keen Wong and
               Jun Yu and
               Theodoros Damoulas and
               Carla P. Gomes},
  title     = {eBird: A Human/Computer Learning Network for Biodiversity
               Conservation and Research},
  booktitle = {IAAI},
  year      = {2012},
  ee        = {http://www.aaai.org/ocs/index.php/IAAI/IAAI-12/paper/view/4880},
  crossref  = {DBLP:conf/iaai/2012},
  bibsource = {DBLP, http://dblp.uni-trier.de}
}

 @article{stem,
  author = "Daniel Fink and Wesley M. Hochachka and Benjamin Zuckerberg and David W. Winkler and Ben Shaby and M. Arthur Munson and Giles Hooker and Mirek Riedewald and Daniel Sheldon and Steve Kelling",
  title = "Spatiotemporal Exploratory Models for Broad-scale Survey Data",
  journal = "Ecological Applications",
  year = "In press",
  volume = "XX",
  number = "YY",
  note = "Preprint available for research or educational use.  Request by email."
}